@article{Penaranda16,
	author = {Roberto Pe{\~n}aranda and Crisp\'{i}n G\'{o}mez and Mar\'{i}a Engracia G\'{o}mez and Pedro L\'{o}pez and Jos\'{e} Duato},
	journal = {Journal on Supercomputing},
	month = feb,
	pages = {1--28},
	title = {The k-ary n-direct s-indirect family of topologies for large-scale interconnection networks},
	year = {2016}
}

@article{Yuan,
title = "Static load-balanced routing for slimmed fat-trees ",
journal = "Journal of Parallel and Distributed Computing ",
volume = "74",
number = "5",
pages = "2423-2432",
year = "2014",
note = "",
issn = "0743-7315",
doi = "http://dx.doi.org/10.1016/j.jpdc.2014.02.001",
url = "http://www.sciencedirect.com/science/article/pii/S0743731514000215",
author = "Xin Yuan and Santosh Mahapatra and Michael Lang and Scott Pakin",
keywords = "Fat-tree",
keywords = "Static routing",
keywords = "Interconnect",
keywords = "Single-path routing "
}

@article{Zahavi,
title = "Fat-tree routing and node ordering providing contention free traffic for \{MPI\} global collectives ",
journal = "Journal of Parallel and Distributed Computing ",
volume = "72",
number = "11",
pages = "1423 - 1432",
year = "2012",
note = "Communication Architectures for Scalable Systems ",
issn = "0743-7315",
doi = "http://dx.doi.org/10.1016/j.jpdc.2012.01.018",
url = "http://www.sciencedirect.com/science/article/pii/S0743731512000305",
author = "Eitan Zahavi",
keywords = "Network topologies",
keywords = "Routing algorithms and techniques",
keywords = "Collective communication "
}

@inproceedings{Crispin,
author={C. Gomez and F. Gilabert and M. E. Gomez and P. Lopez and J. Duato},
booktitle={2007 IEEE International Parallel and Distributed Processing Symposium},
title={Deterministic versus Adaptive Routing in Fat-Trees},
year={2007},
pages={1-8},
keywords={multistage interconnection networks;telecommunication network routing;telecommunication network topology;telecommunication traffic;trees (mathematics);PC clusters;adaptive routing;deterministic routing algorithm;fat-tree topology;interconnection networks;packet delivery;Adaptive systems;Computer networks;High performance computing;Multiprocessor interconnection networks;Network topology;Personal communication networks;Routing;Telecommunication traffic;Throughput;Traffic control},
doi={10.1109/IPDPS.2007.370482},
ISSN={1530-2075},
month={March}
}